% Encoding: UTF-8

@misc{GES_MotorFailureStats,
  author       = {{Global Electronic Services}},
  title        = {Motor Failure Statistics You Need to Know},
  howpublished = {\url{https://gesrepair.com/motor-failure-statistics-you-need-to-know/}},
  note         = {Accessed: 2025-05-18},
  year         = {2021}
}

@misc{Copper_MotorManagement,
  author       = {{Copper Development Association Inc.}},
  title        = {Motor Management Best Practices - Part II: Motor Failure Policies and Purchasing Specifications},
  howpublished = {\url{https://www.copper.org/environment/sustainable-energy/electric-motors/case-studies/a6148.php}},
  note         = {Accessed: 2025-05-18},
  year         = {2015}
}

@misc{griffin2023market,
  author       = {Griffin, Blake},
  title        = {The Market for Predictive Maintenance in Motor Driven Systems},
  howpublished = {\url{https://www.plantengineering.com/the-market-for-predictive-maintenance-in-motor-driven-systems/}},
  note         = {Accessed: 2025-05-18},
  year         = {2023},
  month        = {September}
}

@misc{ibm2021machinelearning,
  author       = {{IBM}},
  title        = {What is Machine Learning?},
  howpublished = {\url{https://www.ibm.com/topics/machine-learning}},
  note         = {Accessed: 2025-05-18},
  year         = {2021},
  month        = {September}
}

@article{ledmaoui2025review,
  author    = {Ledmaoui, Younes and El Maghraoui, Adila and El Aroussi, Mohamed and Saadane, Rachid},
  title     = {Review of Recent Advances in Predictive Maintenance and Cybersecurity for Solar Plants},
  journal   = {Sensors},
  volume    = {25},
  number    = {206},
  year      = {2025},
  doi       = {10.3390/s25010206},
  url       = {https://doi.org/10.3390/s25010206},
  publisher = {MDPI}
}

@incollection{cutler2011random,
  title={Random Forests},
  author={Cutler, Adele and Cutler, D. Richard and Stevens, John R.},
  booktitle={Ensemble Machine Learning},
  editor={Zhou, Zhi-Hua},
  pages={157--175},
  year={2011},
  publisher={Springer},
  doi={10.1007/978-1-4419-9326-7\_5},
  url={https://www.researchgate.net/publication/236952762_Random_Forests}
}

@misc{shafi2024randomforest,
  author       = {Adam Shafi},
  title        = {Random Forest Classification with Scikit-Learn},
  howpublished = {\url{https://www.datacamp.com/tutorial/random-forests-classifier-python}},
  note         = {Accessed: 2025-05-18},
  year         = {2024}
}

@article{salman2024randomforest,
  author    = {Hasan Ahmed Salman and Ali Kalakech and Amani Steiti},
  title     = {Random Forest Algorithm Overview},
  journal   = {Babylonian Journal of Machine Learning},
  volume    = {2024},
  pages     = {69--79},
  year      = {2024},
  doi       = {10.58496/BJML/2024/007},
  url       = {https://mesopotamian.press/journals/index.php/BJML/article/view/7},
  note      = {Accessed: 2025-05-18}
}

@inproceedings{liu2008isolationforest,
  author    = {Fei Tony Liu and Kai Ming Ting and Zhi-Hua Zhou},
  title     = {Isolation Forest},
  booktitle = {2008 Eighth IEEE International Conference on Data Mining},
  year      = {2008},
  pages     = {413--422},
  doi       = {10.1109/ICDM.2008.17},
  url       = {https://doi.org/10.1109/ICDM.2008.17},
  publisher = {IEEE}
}

@article{si2011rul,
  author    = {Xiao-Sheng Si and Wenbin Wang and Chang-Hua Hu and Dong-Hua Zhou},
  title     = {Remaining useful life estimation â€“ A review on the statistical data driven approaches},
  journal   = {European Journal of Operational Research},
  volume    = {213},
  number    = {1},
  pages     = {1--14},
  year      = {2011},
  doi       = {10.1016/j.ejor.2010.11.018},
  url       = {https://doi.org/10.1016/j.ejor.2010.11.018},
  publisher = {Elsevier}
}
@article{jetir2019python,
  author  = {{Journal of Emerging Technologies and Innovative Research (JETIR)}},
  title   = {An Overview on Python Programming},
  journal = {Journal of Emerging Technologies and Innovative Research},
  volume  = {6},
  number  = {2},
  year    = {2019},
  url     = {https://www.jetir.org/view?paper=JETIRFH06168}
}
@article{dyer2022exploratory,
  author    = {Robert Dyer and Jigyasa Chauhan},
  title     = {An Exploratory Study on the Predominant Programming Paradigms in Python Code},
  journal   = {arXiv preprint arXiv:2209.01817},
  year      = {2022},
  url       = {https://arxiv.org/abs/2209.01817}
}
@book{gupta2024essentials,
  author    = {Pramod Gupta and Anupam Bagchi},
  title     = {Essentials of Python for Artificial Intelligence and Machine Learning},
  publisher = {Springer},
  year      = {2024},
  chapter   = {5},
  pages     = {161--196},
  doi       = {10.1007/978-3-031-43725-0_5},
  url       = {https://link.springer.com/chapter/10.1007/978-3-031-43725-0_5}
}
@article{hunter2007matplotlib,
  author  = {John D. Hunter},
  title   = {Matplotlib: A 2D Graphics Environment},
  journal = {Computing in Science \& Engineering},
  volume  = {9},
  number  = {3},
  pages   = {90--95},
  year    = {2007},
  doi     = {10.1109/MCSE.2007.55},
  url     = {https://ieeexplore.ieee.org/document/4160265}
}

@article{waskom2021seaborn,
  author  = {Michael L. Waskom},
  title   = {Seaborn: statistical data visualization},
  journal = {Journal of Open Source Software},
  volume  = {6},
  number  = {60},
  pages   = {3021},
  year    = {2021},
  doi     = {10.21105/joss.03021},
  url     = {https://doi.org/10.21105/joss.03021}
}
@article{pedregosa2011scikit,
  title={Scikit-learn: Machine learning in Python},
  author={Pedregosa, Fabian and Varoquaux, Ga{\"e}l and Gramfort, Alexandre and Michel, Vincent and Thirion, Bertrand and Grisel, Olivier and Blondel, Mathieu and Prettenhofer, Peter and Weiss, Ron and Dubourg, Vincent and Vanderplas, Jake and Passos, Alexandre and Cournapeau, David and Brucher, Matthias and Perrot, Mika{\"e}l and Duchesnay, {\'E}douard},
  journal={Journal of Machine Learning Research},
  volume={12},
  pages={2825--2830},
  year={2011},
  url={http://www.jmlr.org/papers/volume12/pedregosa11a/pedregosa11a.pdf}
}
@online{codepolitan_modul_python,
  author    = {Yana Permana},
  title     = {5 Modul Python yang Wajib Anda Coba},
  year      = {2015},
  url       = {https://www.codepolitan.com/blog/5-modul-python-yang-wajib-anda-coba/},
  note      = {Diakses: 2025-05-20}
}
@misc{rahmawati2022deteksi,
  author       = {Rahmawati},
  title        = {Deteksi Berita Hoax pada Website Turnbackhoax dengan Menggunakan Machine Learning},
  year         = {2022},
  institution  = {Universitas Islam Negeri Syarif Hidayatullah Jakarta},
  url          = {https://repository.uinjkt.ac.id/dspace/bitstream/123456789/65577/1/RAHMAWATI-FST.pdf},
  note         = {Akses pada 20 Mei 2025}
}

@article{Chai2014,
  author = {Tianfeng Chai and R. R. Draxler},
  title = {Root mean square error (RMSE) or mean absolute error (MAE)?},
  journal = {Geoscientific Model Development},
  volume = {7},
  number = {3},
  pages = {1247--1250},
  year = {2014},
  doi = {10.5194/gmd-7-1247-2014},
  url = {https://gmd.copernicus.org/articles/7/1247/2014/}
}








@Comment{jabref-meta: databaseType:bibtex;}
