@book{bagui2023database,
  title   = {Database design using Entity Relationship diagrams},
  author  = {Bagui, S.S. and Earp, R.W.},
  edition = {Third},
  year    = {2023},
  doi     = {10.1201/9781003314455}
}

@article{Song2025Interactions,
  title   = {Interactions with generative AI chatbots: unveiling dialogic dynamics, students perceptions, and practical competencies in creative problem-solving},
  author  = {Yu Song and Longchao Huang and Lanqin Zheng and Mengya Fan and Zehao Liu},
  journal = {International Journal of Educational Technology in Higher Education},
  year    = {2025},
  doi     = {10.1186/s41239-025-00508-2}
}

@article{Dardjito,
  author  = {Dardjito, Hanandyo and Rolls, Nicola and Setiawan, Ari and Sumekto, Didik},
  year    = {2023},
  month   = {09},
  pages   = {1290-1308},
  title   = {Challenges in reading English academic texts for non-English major students of an Indonesian university},
  volume  = {10},
  journal = {Studies in English Language and Education},
  doi     = {10.24815/siele.v10i3.29067}
}

@article{kong2024pedagogical,
  title   = {A pedagogical design for self-regulated learning in academic writing using text-based generative artificial intelligence tools: 6-p pedagogy of plan, prompt, preview, produce, peer-review, portfolio-tracking},
  author  = {Kong, S. and Lee, J. and Tsang, O.},
  journal = {Research and Practice in Technology Enhanced Learning},
  volume  = {19},
  pages   = {030},
  year    = {2024},
  doi     = {10.58459/rptel.2024.19030}
}

@article{bulante2024ai,
  title   = {Ai-assisted and non ai assisted writing performances of grade 10 students},
  author  = {Bulante, K. and Morris, D. and Balagan, A. and Torres, M.},
  journal = {AAH},
  volume  = {1},
  number  = {1},
  pages   = {65--94},
  year    = {2024},
  doi     = {10.55687/aah.v1i1.74}
}

@article{gupta2024artificial,
  title   = {Can artificial intelligence only be a helper writer for science?},
  author  = {Gupta, B.},
  journal = {Science Insights},
  volume  = {44},
  number  = {1},
  pages   = {1221--1227},
  year    = {2024},
  doi     = {10.15354/si.24.re872}
}

@article{nazari2021application,
  title   = {Application of artificial intelligence powered digital writing assistant in higher education: randomized controlled trial},
  author  = {Nazari, N. and Shabbir, M. and Setiawan, R.},
  journal = {Heliyon},
  volume  = {7},
  number  = {5},
  pages   = {e07014},
  year    = {2021},
  doi     = {10.1016/j.heliyon.2021.e07014}
}

@article{casati2002wires,
  title   = {WIRES: A Methodology for developing workflow applications},
  author  = {Casati, F. and others},
  journal = {Requirements Engineering},
  volume  = {7},
  number  = {2},
  pages   = {73--106},
  year    = {2002},
  doi     = {10.1007/s007660200006}
}

@article{ceci2020closed,
  title   = {Closed sequential pattern mining for sitemap generation},
  author  = {Ceci, M. and Lanotte, P.},
  journal = {World Wide Web},
  volume  = {24},
  number  = {1},
  pages   = {175--203},
  year    = {2020},
  doi     = {10.1007/s11280-020-00839-2}
}

@book{chan2020devops,
  title  = {DevOps: A beginner's guide to DevOps, SDLC, how it is developed and how it combines IT with software development},
  author = {Chan, Y.},
  year   = {2020}
}

@inproceedings{dewiyana2018website,
  title  = {Website Navigation Structure Library State University of Medan and State Islamic University of North Sumatra},
  author = {Dewiyana, H.},
  year   = {2018},
  doi    = {10.5220/0010042203120316}
}

@inproceedings{flores2022empirical,
  title     = {Empirical study on the difficulties of software modeling through class diagrams},
  author    = {Flores, P. and Rodas, C. and Torres, J.},
  booktitle = {HICSS},
  year      = {2022},
  doi       = {10.24251/hicss.2022.126}
}

@book{franco2021html,
  title  = {Html and Web Development: New Vision for Web Development},
  author = {Franco, R.},
  year   = {2021}
}

@book{hambling2013user,
  title  = {User Acceptance Testing: A step-by-step guide},
  author = {Hambling, B. and Van Goethem, P.},
  year   = {2013},
  url    = {https://cds.cern.ch/record/1619552}
}

@book{haverbeke2024eloquent,
  title   = {Eloquent JavaScript},
  author  = {Haverbeke, M.},
  edition = {Fourth},
  year    = {2024},
  url     = {https://eloquentjavascript.net/Eloquent_JavaScript.pdf},
  note    = {Accessed: May 26, 2025}
}

@book{huzar2005uml,
  title  = {UML modeling Languages and Applications},
  author = {Huzar, Z. and others},
  series = {Lecture notes in computer science},
  year   = {2005},
  doi    = {10.1007/b106725}
}

@article{hwang2023design,
  title   = {Design of enhanced document HTML and the reliable Electronic Document distribution Service},
  author  = {Hwang, H.-C. and Kim, W.-J.},
  journal = {Electronics},
  volume  = {12},
  number  = {10},
  pages   = {2176},
  year    = {2023},
  doi     = {10.3390/electronics12102176}
}

@article{jartarghar2022react,
  title   = {React Apps with Server-Side Rendering: Next.js},
  author  = {Jartarghar, H.A. and others},
  journal = {Journal of Telecommunication, Electronic and Computer Engineering},
  volume  = {14},
  number  = {4},
  pages   = {25--29},
  year    = {2022},
  doi     = {10.54554/jtec.2022.14.04.005}
}

@article{jia2025accelerated,
  title  = {Accelerated retrieval-augmented generation method based on category matching and partitioned retrieval (carag)},
  author = {Jia, Y. and Chu, D.},
  volume = {28},
  year   = {2025},
  doi    = {10.1117/12.3058499}
}

@inproceedings{kiesel2020web,
  title  = {Web Page Segmentation Revisited},
  author = {Kiesel, J. and others},
  year   = {2020},
  doi    = {10.1145/3340531.3412782}
}

@article{lewis2020retrieval,
  title  = {Retrieval-augmented generation for knowledge-intensive nlp tasks},
  author = {Lewis, P. and Perez, E. and Piktus, A. and Petroni, F. and Karpukhin, V. and Goyal, N. and Kiela, D.},
  year   = {2020},
  doi    = {10.48550/arxiv.2005.11401}
}

@misc{microsoft2025visual,
  title  = {Visual Studio Code},
  author = {{Microsoft}},
  year   = {2025},
  url    = {https://code.visualstudio.com/docs},
  note   = {Accessed: May 26, 2025}
}

@article{modi2021tool,
  title   = {A Tool to Automate Student UML diagram Evaluation},
  author  = {Modi, S. and Taher, H.A. and Mahmud, H.},
  journal = {Academic Journal of Nawroz University},
  volume  = {10},
  number  = {2},
  pages   = {189--198},
  year    = {2021},
  doi     = {10.25007/ajnu.v10n2a1035}
}

@misc{mozilla2025mdn,
  title  = {MDN Web Docs},
  author = {{Mozilla}},
  year   = {2025},
  url    = {https://developer.mozilla.org/},
  note   = {Accessed: May 26, 2025}
}

@misc{tailwind,
  title  = {TailwindCSS Docs},
  author = {{TailwindCSS}},
  year   = {2025},
  url    = {https://tailwindcss.com/},
  note   = {Accessed: July 03, 2025}
}

@misc{nextjs2025documentation,
  title  = {Next.js documentation},
  author = {{Next.js}},
  year   = {2025},
  url    = {https://nextjs.org/},
  note   = {Accessed: May 26, 2025}
}

@misc{nodejs2025npm,
  title  = {Introduction to npm},
  author = {{Node.js Foundation}},
  year   = {2025},
  url    = {https://docs.npmjs.com/about-npm},
  note   = {Accessed: May 26, 2025}
}

@misc{nodejs2025about,
  title  = {About Node.js},
  author = {{Node.js}},
  year   = {2025},
  url    = {https://nodejs.org/en/about/},
  note   = {Accessed: May 26, 2025}
}

@inproceedings{oghlukyan2022information,
  title     = {Information Technologies and Developing a Single Page Web Application Using the React Library},
  author    = {Oghlukyan, A. and Karapetyan, G.},
  booktitle = {Aylentrank},
  pages     = {34--39},
  year      = {2022},
  doi       = {10.55528/18292828-2022.1-34}
}

@article{Ali2019,
  author  = {Ali, M.H. and Kurniawan, D.},
  title   = {Design of information Systems Web-Based Car Parking Place mall},
  journal = {IOP Conference Series: Materials Science and Engineering},
  volume  = {662},
  number  = {2},
  pages   = {022011},
  year    = {2019},
  doi     = {10.1088/1757-899x/662/2/022011}
}

@misc{openai2025api,
  title  = {OpenAI API documentation},
  author = {{OpenAI}},
  year   = {2025},
  url    = {https://platform.openai.com/docs/overview},
  note   = {Accessed: May 26, 2025}
}

@book{oshin2024learning,
  title     = {Learning LangChain Build an AI Chatbot Trained on Your Data},
  author    = {Oshin, M. and Campos, N.},
  year      = {2024},
  publisher = {O'Reilly Media, Inc.},
  address   = {Sebastopol, CA},
  note      = {Early Release}
}

@article{jibrilActivityDiagram,
  author  = {Jibril, Muhammad},
  year    = {2018},
  month   = {03},
  pages   = {900-907},
  title   = {DEVELOPMENT AND IMPLEMENTATION OF E-COMMERCE SYSTEM},
  volume  = {9},
  journal = {International Journal of Advanced Research in Computer Science}
}

@article{Casati2002,
  author  = {Casati, F. and Ceri, S. and Pernici, B. and Pozzi, G.},
  title   = {{WIRES: A Methodology for Developing Workflow Applications}},
  journal = {Requirements Engineering},
  volume  = {7},
  number  = {2},
  pages   = {73--106},
  year    = {2002},
  doi     = {10.1007/s007660200006}
}

@inproceedings{Shcherban2021,
  author    = {Shcherban, S.},
  title     = {Multiclass Classification of Four Types of UML Diagrams from Images Using Deep Learning},
  booktitle = {Proceedings of the International Conference on Software Engineering and Knowledge Engineering},
  year      = {2021},
  note      = {Preprint},
  doi       = {10.18293/seke2021-185}
}

@article{pandit2015agileuat,
  title   = {AgileUAT: A Framework for User Acceptance Testing based on User Stories and Acceptance Criteria},
  author  = {Pandit, P. and Tahiliani, S.},
  journal = {International Journal of Computer Applications},
  volume  = {120},
  number  = {10},
  pages   = {16--21},
  year    = {2015},
  doi     = {10.5120/21262-3533}
}

@misc{perrina2021rancang,
  title  = {Rancang Bangun Aplikasi Augmented Reality Katalog Barang Elektronik Berbasis Android Menggunakan Unity 3D},
  author = {Perrina, M. and Ehuwinae, O. and Mangkin, C. and Stevani, E. and Istikhomah, E. and Nafisah, Y.},
  year   = {2021},
  url    = {https://www.researchgate.net/publication/352879311_RANCANG_BANGUN_APLIKASI_AUGMENTED_REALITY_KATALOG_BARANG_ELEKTRONIK_BERBASIS_ANDROID_MENGGUNAKAN_UNITY_3D},
  note   = {Accessed: May 26, 2025}
}

@misc{postgresql2025,
  title  = {Postgre SQL},
  author = {{PostgreSQL}},
  year   = {2025},
  url    = {https://www.postgresql.org/},
  note   = {Accessed: May 26, 2025}
}

@misc{react2025learn,
  title  = {Learn React},
  author = {{React}},
  year   = {2025},
  url    = {https://react.dev/learn/writing-markup-with-jsx},
  note   = {Accessed: May 26, 2025}
}

@book{sukamto,
  author    = {Rosa Ariani Sukamto},
  publisher = {Informatika Bandung},
  title     = {Analisis dan Desain Perangkat Lunak},
  year      = {2022}
}

@book{richardson2013restful,
  title     = {RESTful web APIs: Services for a Changing World},
  author    = {Richardson, L. and Amundsen, M. and Ruby, S.},
  year      = {2013},
  publisher = {O'Reilly Media, Inc.},
  address   = {Sebastopol, CA}
}

@book{rothman2024rag,
  title     = {RAG-Driven Generative AI: Build Custom Retrieval Augmented Generation Pipelines with LlamaIndex, Deep Lake, and Pinecone},
  author    = {Rothman, D.},
  year      = {2024},
  publisher = {Packt Publishing Ltd}
}

@book{santoso2021sql,
  title     = {SOL Structured Query Language},
  author    = {Santoso, J.},
  year      = {2021},
  publisher = {Yayasan Prima Agus Teknik Bekerja sama dengan Universitas Sains \& Teknologi Komputer (Universitas STEKOM)},
  url       = {https://digilib.stekom.ac.id/assets/dokumen/ebook/feb_BMuDP9ztXwckmI-dwEXB-KqX7d8-d7JXgDak-DqBkA_co9gH_3_WSQ_1682674316.pdf},
  note      = {Accessed: May 26, 2025}
}

@book{suehring2021redis,
  title     = {Redis for Dummies},
  author    = {Suehring, S.},
  edition   = {2nd},
  year      = {2021},
  publisher = {John Wiley \& Sons},
  address   = {Hoboken, NJ}
}

@misc{tailwind2025rapidly,
  title  = {Rapidly build modern websites without ever leaving your HTML},
  author = {{Tailwind CSS}},
  year   = {2025},
  url    = {https://tailwindcss.com/},
  note   = {Accessed: May 26, 2025}
}

@misc{typescript2025handbook,
  title  = {The TypeScript Handbook},
  author = {{TypeScript}},
  year   = {2025},
  url    = {https://www.typescriptlang.org/docs/},
  note   = {Accessed: May 26, 2025}
}

@misc{vercel2025platform,
  title  = {Your complete platform for the web},
  author = {{Vercel}},
  year   = {2025},
  url    = {https://vercel.com/home},
  note   = {Accessed: May 26, 2025}
}

@inproceedings{wang2024mememo,
  title  = {Mememo: on-device retrieval augmentation for private and personalized text generation},
  author = {Wang, Z. and Chau, D.},
  pages  = {2765--2770},
  year   = {2024},
  doi    = {10.1145/3626772.3657662}
}

@article{weriza2022development,
  title   = {Development of OnlineWeb-Based new student Graduation Application in Junior High School},
  author  = {Weriza, J. and others},
  journal = {Matrik},
  volume  = {21},
  number  = {3},
  pages   = {691--700},
  year    = {2022},
  doi     = {10.30812/matrik.v21i3.1830}
}

@misc{Jing,
  author = {Jing, Zhi and Su, Yongye and Han, Yikun and Yuan, Bo and Xu, Hai-Yun and Liu, Chunjiang and Chen, Kehai and Zhang, Min},
  year   = {2024},
  month  = {01},
  pages  = {},
  title  = {When Large Language Models Meet Vector Databases: A Survey},
  doi    = {10.48550/arXiv.2402.01763}
}